[gd_scene load_steps=2 format=2]

[ext_resource path="res://scenes/Options.gd" type="Script" id=1]

[node name="Options" type="WindowDialog"]
anchor_left = 0.5
anchor_top = 0.5
anchor_right = 0.5
anchor_bottom = 0.5
margin_left = -475.5
margin_top = -86.5
margin_right = 475.5
margin_bottom = 86.5
popup_exclusive = true
window_title = "Options"
resizable = true
script = ExtResource( 1 )
__meta__ = {
"_edit_use_anchors_": false
}

[node name="MarginContainer" type="MarginContainer" parent="."]
anchor_right = 1.0
anchor_bottom = 1.0
size_flags_horizontal = 3
size_flags_vertical = 3
custom_constants/margin_right = 10
custom_constants/margin_top = 10
custom_constants/margin_left = 10
custom_constants/margin_bottom = 10
__meta__ = {
"_edit_use_anchors_": false
}

[node name="VBoxContainer" type="VBoxContainer" parent="MarginContainer"]
margin_left = 10.0
margin_top = 10.0
margin_right = 941.0
margin_bottom = 163.0
size_flags_horizontal = 3
size_flags_vertical = 3
custom_constants/separation = 5

[node name="SubstringSearch" type="HBoxContainer" parent="MarginContainer/VBoxContainer"]
margin_right = 931.0
margin_bottom = 20.0
size_flags_horizontal = 3
custom_constants/separation = 5

[node name="Label" type="Label" parent="MarginContainer/VBoxContainer/SubstringSearch"]
margin_right = 200.0
margin_bottom = 20.0
rect_min_size = Vector2( 200, 0 )
size_flags_horizontal = 9
size_flags_vertical = 3
text = "Substring Search Sensitivity:"
align = 2
valign = 1

[node name="Value" type="TextEdit" parent="MarginContainer/VBoxContainer/SubstringSearch"]
margin_left = 205.0
margin_right = 255.0
margin_bottom = 20.0
rect_min_size = Vector2( 50, 0 )
size_flags_vertical = 3
text = "7"

[node name="Button" type="Button" parent="MarginContainer/VBoxContainer/SubstringSearch"]
margin_left = 260.0
margin_right = 931.0
margin_bottom = 20.0
size_flags_horizontal = 3
flat = true

[node name="RecoveryStorage" type="HBoxContainer" parent="MarginContainer/VBoxContainer"]
margin_top = 25.0
margin_right = 931.0
margin_bottom = 45.0
size_flags_horizontal = 3
custom_constants/separation = 5

[node name="Label" type="Label" parent="MarginContainer/VBoxContainer/RecoveryStorage"]
margin_right = 200.0
margin_bottom = 20.0
rect_min_size = Vector2( 200, 0 )
size_flags_horizontal = 9
size_flags_vertical = 3
text = "Recovery  Storage Directory:"
align = 2
valign = 1

[node name="Value" type="TextEdit" parent="MarginContainer/VBoxContainer/RecoveryStorage"]
margin_left = 205.0
margin_right = 902.0
margin_bottom = 20.0
size_flags_horizontal = 3
size_flags_vertical = 3

[node name="RecoverySelect" type="Button" parent="MarginContainer/VBoxContainer/RecoveryStorage"]
margin_left = 907.0
margin_right = 931.0
margin_bottom = 20.0
text = "..."

[node name="GodotProjects" type="HBoxContainer" parent="MarginContainer/VBoxContainer"]
margin_top = 50.0
margin_right = 931.0
margin_bottom = 70.0
size_flags_horizontal = 3
custom_constants/separation = 5

[node name="Label" type="Label" parent="MarginContainer/VBoxContainer/GodotProjects"]
margin_right = 200.0
margin_bottom = 20.0
rect_min_size = Vector2( 200, 0 )
size_flags_horizontal = 9
size_flags_vertical = 3
text = "Godot Project Base Directory: "
align = 2
valign = 1

[node name="Value" type="TextEdit" parent="MarginContainer/VBoxContainer/GodotProjects"]
margin_left = 205.0
margin_right = 902.0
margin_bottom = 20.0
size_flags_horizontal = 3
size_flags_vertical = 3

[node name="GodotSelect" type="Button" parent="MarginContainer/VBoxContainer/GodotProjects"]
margin_left = 907.0
margin_right = 931.0
margin_bottom = 20.0
text = "..."

[node name="MarginContainer" type="MarginContainer" parent="MarginContainer/VBoxContainer"]
margin_top = 75.0
margin_right = 931.0
margin_bottom = 128.0
size_flags_horizontal = 3
size_flags_vertical = 3

[node name="Close" type="Button" parent="MarginContainer/VBoxContainer"]
margin_top = 133.0
margin_right = 931.0
margin_bottom = 153.0
text = "Close"

[node name="DirectoryChooser" type="FileDialog" parent="."]
anchor_left = 0.5
anchor_top = 0.5
anchor_right = 0.5
anchor_bottom = 0.5
margin_left = -313.5
margin_top = -180.0
margin_right = 313.5
margin_bottom = 180.0
popup_exclusive = true
window_title = "Open a Directory"
mode = 2
access = 2
show_hidden_files = true
current_dir = "/home/conz/Documents/development/godot-unused-resource-scanner"
current_path = "/home/conz/Documents/development/godot-unused-resource-scanner/"

[connection signal="pressed" from="MarginContainer/VBoxContainer/RecoveryStorage/RecoverySelect" to="." method="_on_RecoverySelect_pressed"]
[connection signal="pressed" from="MarginContainer/VBoxContainer/GodotProjects/GodotSelect" to="." method="_on_GodotSelect_pressed"]
[connection signal="pressed" from="MarginContainer/VBoxContainer/Close" to="." method="_on_Close_pressed"]
[connection signal="dir_selected" from="DirectoryChooser" to="." method="_on_DirectoryChooser_dir_selected"]
